<?xml version="1.0" encoding="UTF-8"?><collection xmlns="http://www.loc.gov/MARC21/slim"><record><leader>00434nam--2200157-i-4500</leader><controlfield tag="001">000021270</controlfield><controlfield tag="002">20161230</controlfield><controlfield tag="005">20161230201034</controlfield><controlfield tag="008">060222s1000------------r-----000-0-eng-d</controlfield><datafield ind1=" " ind2=" " tag="040"><subfield code="a">IFIN-HH</subfield></datafield><datafield ind1=" " ind2=" " tag="080"><subfield code="a">517.3(075.8)</subfield></datafield><datafield ind1=" " ind2=" " tag="100"><subfield code="a">Ghermanescu, M</subfield></datafield><datafield ind1=" " ind2=" " tag="245"><subfield code="a">Curs de matematici superioare. ii. calcul integral</subfield></datafield><datafield ind1=" " ind2=" " tag="260"><subfield code="a">BUCURESTI, TIPOGRAFIA INVATAMANTULUI, 1956, 339 p</subfield></datafield><datafield ind1=" " ind2=" " tag="852"><subfield code="a">4289</subfield><subfield code="c">517.2/3</subfield></datafield><datafield ind1=" " ind2=" " tag="CAT"><subfield code="a">Sys</subfield><subfield code="c">20090619</subfield><subfield code="h">083533</subfield></datafield></record></collection>